@techreport{D1.3v2,
  author = {De Roure, David  and Ho\l{}ubowicz, Piotr and Page, Kevin and Palma, Ra{\'u}l },
  title = {D1.3v2: Wf4Ever Architecture - Phase II},
  institution = {University of Oxford},
  month = {March},
  year = {2013}
  }

@TechReport{D3.2v2,
  author =   {R. Gonzalez-Cabero and others},
  title =    {Design, implementation and deployment of Workflow Evolution, Sharing and Collaboration components - Phase II},
  institution =  {Wf4Ever Project},
  year =   2013,
  type =   {Deliverable},
  number =   {D3.2v2}}

@TechReport{D4.2v2,
  author =   {E. Garcia-Cuesta and others},
  title =    {Design, implementation and deployment of Workflow Integrity and Authenticity Maintenance components - Phase II},
  institution =  {Wf4Ever Project},
  year =   2013,
  type =   {Deliverable},
  number =   {D4.2v2}}

@techreport{D5.1,
  author = {Verdes-Montenegro, Lourdes},
  institution = {Deliverable 5.1, Wf4Ever project},
  title = {Astronomy Workflow Preservation Requirements},
  year = {2011}
  }

@techreport{D6.1,
  author = {Roos, Marco},
  institution = {Deliverable D6.1, Wf4Ever project},
  title = {Genomics Workflow Preservation Requirements},
  year = {2011}
  }

@TechReport{D8.5v2,
  author =   {J. Manuel Gomez-Perez and others},
  title =    {Exploitation Plan},
  institution =  {Wf4Ever Project},
  year =   2013,
  type =   {Deliverable},
  number =   {D8.5v2}}

@INPROCEEDINGS{ro_model,
  author = {Khalid Belhajjame and Oscar Corcho and Daniel Garijo and Jun Zhao and et al.},
  title = {Workflow-Centric Research Objects: First Class Citizens in Scholarly
  Discourse},
  booktitle = {Proceedings of Sepublica2012},
  year = {2012},
  pages = {1-12},
  discipline = {Computer and Information Science},
  editors = {Frank Van Harmelen and Alexander Garcia-Castro and Christoph Lange and Benjamin Good},
  keywords = {research object, scientific workflows},
  modified = {1351256048},
  subdiscipline = {Artificial Intelligence},
  tags = {reproducibility, research objects, scientific-workflows},
  type = {Conference Proceedings},
  url = {http://users.ox.ac.uk/~oerc0033/preprints/sepublica2012.pdf},
  url_mendeley = {http://www.mendeley.com/c/5281098054/p/349401/belhajjame-2012-workflow-centric-research-objects-first-class-citizens-in-scholarly-discourse/},
  version = {1351256048}
}

@ inproceedings{sepublica-ro,
  author    = {Khalid Belhajjame and Oscar Corcho and Daniel Garijo and Jun Zhao and et al.},
  title     = {Workflow-Centric Research Objects: First Class Citizens in Scholarly Discourse},
  booktitle = {Proceeding of SePublica2012},
  year      = {2012},
  pages     = {1-12},
}

@INPROCEEDINGS{wf_reliability,
  author = {José Manuél Gómez-Pérez, Esteban García-Cuesta, Jun Zhao, Aleix Garrido, José Enrique Ruiz},
  title = {How Reliable is Your Workflow: Monitoring Decay in Scholarly Publications},
  booktitle = {Proceedings of SePublica 2013},
  year = {2013},
  pages = {75-86},
  discipline = {Computer and Information Science},
  keywords = {research object, scientific workflows, workflow decay},
  tags = {reproducibility, research objects, scientific-workflows},
  type = {Conference Proceedings},
}

@INPROCEEDINGS{wf_history,
  author = {José Manuél Gómez-Pérez, Esteban García-Cuesta, Aleix Garrido, José Enrique Ruiz, Jun Zhao, Graham Klyne},
  title = {When History Matters - Assessing Reliability for the Reuse of Scientific Workflows},
  booktitle = {Proceedings of International Semantic Web Conference},
  volume={2},
  year = {2013},
  pages = {81-97},
  discipline = {Computer and Information Science},
  tags = {reproducibility, research objects, scientific-workflows},
  type = {Conference Proceedings},
}

@INPROCEEDINGS{garijo-2012,
  author = {D. Garijo and P. Alper and K. Belhajjame and O. Corcho
  and Y. Gil and C. Goble},
  title = {Common Motifs in Scientific Workflows: An Empirical Analysis},
  booktitle = {8th IEEE International Conference on eScience 2012},
  year = {2012},
  series = {8th IEEE International Conference on eScience 2012},
  address = {Chicago},
  publisher = {IEEE Computer Society Press, USA},
  added = {1351257870},
  discipline = {Computer and Information Science},
  keywords = {motifs, scientific workflows, Taverna, Wings},
  modified = {1351373861},
  subdiscipline = {Artificial Intelligence},
  tags = {abstraction, motifs, scientific workflows, Taverna, Wings},
  type = {Conference Proceedings},
  url = {http://www.isi.edu/~gil/papers/garijo-etal-escience12.pdf},
  url_mendeley = {http://www.mendeley.com/c/5281150004/p/349401/garijo-2012-common-motifs-in-scientific-workflows-an-empirical-analysis/},
  version = {1351373861}
}

@INPROCEEDINGS{Belhajjame-2012,
  author = {Belhajjame, K. and Zhao, J. and Garijo, D. and Garrido, A. and Soiland-Reyes, S. and Alper P. and  Corcho. O.},
  title = {Workflow prov-corpues based on taverna and wings},
  booktitle = {EDBT/ICDT'13},
  year = {2013},
  publisher = {ACM Press}
}

@inproceedings{Belhajjame-2012,
  author    = {Khalid Belhajjame and Oscar Corcho and Daniel Garijo and Jun Zhao and et al.},
  title     = {Workflow-Centric Research Objects: First Class Citizens in Scholarly Discourse},
  booktitle = {Proceeding of SePublica2012},
  year      = {2012},
  pages     = {1-12}
}

@inproceedings{Zhao-2012,
  title={Why Workflows Break - Understanding and Combating Decay in Taverna Workflows},
  author={J. Zhao, J.M. Gómez-Pérez, K. Belhajjame, G. Klyne, E. García-Cuesta, A. Garrido, K. Hettne, M. Roos M, D. De Roure},
  booktitle={IEEE eScience},
  pages={1-8},
  year={2012},
  url={http://www.ci.uchicago.edu/escience2012/pdf/Why%20_Workflows_Break-Understanding_and_Combating_Decay_in_Taverna_Workflows.pdf}
}

@inproceedings{Kettne-2012,
  title={Best practices for workflow design: sepub to prevent workflow decay},
  author={Hettne K, Wolstencroft K, Belhajjame K, Goble CA, Mina E, Dharuri H, Verdes-Montenegro L, Garrido J, de Roure D, Roos M.},
  booktitle={SWAT4LS},
  year={2012},
  url={http://ceur-ws.org/Vol-952/paper_23.pdf}
}

@inproceedings{Gamble-2011,
  title={Quality, trust, and utility of scientific data on the web: Towards a joint model},
  author={Gamble, Matthew and Goble, Carole},
  year={2011},
  booktitle={Proceedings of the ACM WebSci'11},
  pages={1-8},
  url={http://journal.webscience.org/443/}
}

@inproceedings{Gamble-2012,
  title={MIM: A Minimum Information Model vocabulary and framework for Scientific Linked Data},
  author={Gamble, Matthew and Goble, Carole and Klyne, Graham and Zhao, Jun},
  booktitle={E-Science (e-Science), 2012 IEEE 8th International Conference on},
  pages={1--8},
  year={2012},
  organization={IEEE}
}

@inproceedings{DBLP:conf/eScience/BelhajjameGSR11,
  author    = {Khalid Belhajjame and
               Carole A. Goble and
               Stian Soiland-Reyes and
               David De Roure},
  title     = {Fostering Scientific Workflow Preservation through Discovery
               of Substitute Services},
  publisher = {IEEE Computer Society},
  booktitle = {eScience},
  year      = {2011},
  pages     = {97-104}
}



@article{SSI-guide,
  author    = {Software Sustainability Institute},
  title     = {Software Evaluation Guide},
  month     = {November},
  year      = {2011},
  url       = {http://www.software.ac.uk/software-evaluation-guide},
}

@article{SSI-tutorial,
  author    = {Software Sustainability Institute},
  title     = {Software Evaluation: Tutorial-based Assessment},
  month     = {November},
  year      = {2011},
  url       = {http://software.ac.uk/sites/default/files/SSI-SoftwareEvaluationTutorial.pdf},
}

@article{SSI-criteria,
  author    = {Software Sustainability Institute},
  title     = {Software Evaluation: Criteria-based Assessment},
  month     = {November},
  year      = {2011},
  url       = {http://software.ac.uk/sites/default/files/SSI-SoftwareEvaluationCriteria.pdf},
}

@article{Mader-2012,
  author    = {Christian Mader and
               Bernhard Haslhofer and
               Antoine Isaac},
  title     = {Finding Quality Issues in SKOS Vocabularies},
  journal   = {CoRR},
  volume    = {abs/1206.1339},
  year      = {2012},
  url       = {http://arxiv.org/abs/1206.1339},
  bibsource = {DBLP, http://dblp.uni-trier.de}
}



@book{Naumann-2002,
  title = {{Quality-driven query answering for integrated information systems}},
  author = {Felix Naumann},
  year = {2002},
  publisher = {Springer Verlag}
}

@article{bizer2009quality,
  title={Quality-driven information filtering using the WIQA policy framework},
  author={Bizer, Christian and Cyganiak, Richard},
  journal={Web Semantics: Science, Services and Agents on the World Wide Web},
  volume={7},
  number={1},
  pages={1--10},
  year={2009},
  publisher={Elsevier}
}

@article{zaveriquality,
  title={Quality Assessment Methodologies for Linked Open Data},
  author={Zaveri, Amrapali and Rula, Anisa and Maurino, Andrea and Pietrobon, Ricardo and Lehmann, Jens and Auer, S{\"o}ren},
  journal={Semantic Web Journal},
  note={submitted on 12/14/2012},
}


@ARTICLE{taverna,
  author = {K. Wolstencroft and R. Haines and D. Fellows and A. Williams and D. Withers and S. Owen and S. Soiland-Reyes and I. Dunlop and A. Nenadic and P. Fisher and J. Bhagat and K. Belhajjame and F. Bacall and A. Hardisty and A. Nieva de la Hidalga and M. P. Balcazar Vargas and S. Sufi and C. Goble},
  title = {The Taverna workflow suite: designing and executing workflows of Web Services on the desktop, web or in the cloud},
  journal = {Nucleic Acids Research},
  year = {2013}
}

@ARTICLE{galaxy,
  author = {G., B. and others},
  title = {Galaxy: a platform for interactive large-scale genome analysis},
  journal = {Genome Research},
  year = {2005},
  volume = {15},
  pages = {1451--1455},
  number = {10},
  month = {Oct}
}

@techreport{w3c-prov-o,
  author = {Lebo, T. and Sahoo, S. and McGuinness, D. and Belhajjame, K. and Cheney, J. and Corsar, D. and Garijo, D. and Soiland-Reyes, S. and Zednik, S. and Zhao, J.},
  bdsk-url-1 = {http://www.w3.org/TR/prov-o/},
  biburl = {http://www.bibsonomy.org/bibtex/2bc1b2a9b25ba749a6f0c6b08bbff0bfc/rob_123},
  interhash = {7592aafb137a2cab5d439889f22f2e9f},
  intrahash = {bc1b2a9b25ba749a6f0c6b08bbff0bfc},
  institution = {{W3C}},
  keywords = {ontology, owl, prov-o, provenance, provo rdf, w3c,},
  title = {PROV-O: The PROV Ontology},
  url = {http://www.w3.org/TR/prov-o/},
  year = {2013},  
  }

@article{Roure-2009,
  author    = {D. De Roure and
               C. A. Goble and
               R. Stevens},
  title     = {The design and realisation of the my{E}xperiment
               Virtual Research Environment for social sharing of workflows},
  journal   = {Future Generation Comp. Syst.},
  volume    = {25},
  number    = {5},
  year      = {2009},
  pages     = {561-567},
  ee        = {http://dx.doi.org/10.1016/j.future.2008.06.010},
  bibsource = {DBLP, http://dblp.uni-trier.de}
}

@ inproceedings{bolleman2010provenance,
  title={Provenance and evidence in UniProtKB},
  author={Bolleman, Jerven and Gateau, Alain and Gehant, Sebastien and Redaschi, Nicole},
  booktitle={Proceedings of the 3rd International Workshop on Semantic Web Applications and Tools for the Life Sciences},
  year={2010},
  address={Berlin, Germany}
}


@inproceedings{lei2007framework,
  title={A framework for evaluating semantic metadata},
  author={Lei, Yuangui and Uren, Victoria and Motta, Enrico},
  booktitle={Proceedings of the 4th international conference on Knowledge capture},
  pages={135--142},
  year={2007},
  organization={ACM}
}

@inproceedings{mendes2012sieve,
  title={Sieve: linked data quality assessment and fusion},
  author={Mendes, Pablo N and M{\"u}hleisen, Hannes and Bizer, Christian},
  booktitle={Proceedings of the 2012 Joint EDBT/ICDT Workshops},
  pages={116--123},
  year={2012},
  organization={ACM}
}

@ inproceedings{furber2011swiqa,
  title={SWIQA--A SEMANTIC WEB INFORMATION QUALITY ASSESSMENT FRAMEWORK},
  author={F{\"u}rber, Christian and Hepp, Martin},
  year={2011},
  booktitle={Proceedings of European Conference on Information Systems},
}

@inproceedings{gueret2012assessing,
  title={Assessing linked data mappings using network measures},
  author={Gu{\'e}ret, Christophe and Groth, Paul and Stadler, Claus and Lehmann, Jens},
  booktitle={Proceedings of the European Semantic Web Conference},
  pages={87--102},
  year={2012},
  publisher={Springer}
}

@inproceedings{golbeck2006using,
  title={Using trust and provenance for content filtering on the semantic web},
  author={Golbeck, Jennifer and Mannes, Aaron},
  booktitle={Proceedings of the Models of Trust for the Web Workshop},
  year={2006}
}

@article{gil2007towards,
  title={Towards content trust of web resources},
  author={Gil, Yolanda and Artz, Donovan},
  journal={Web Semantics: Science, Services and Agents on the World Wide Web},
  volume={5},
  number={4},
  pages={227--239},
  year={2007},
  publisher={Elsevier}
}

@article{hartig2010publishing,
  title={Publishing and consuming provenance metadata on the web of linked data},
  author={Hartig, Olaf and Zhao, Jun},
  journal={Provenance and Annotation of Data and Processes},
  pages={78--90},
  year={2010},
  publisher={Springer}
}

@inproceedings{gomez2013reliable,
  title={How Reliable is Your workflow: Monitoring Decay in Scholarly Publications},
  author={G{\'o}mez-P{\'e}rez, Jos{\'e} Manuel and Garc{\i}a-Cuesta, Esteban and Zhao, Jun and Garrido, Aleix and Ruiz, Jos{\'e} Enrique},
  booktitle={Sepublica2013},
  year={2013},
  note={To appear}
}

@article{lee2002aimq,
  title={AIMQ: a methodology for information quality assessment},
  author={Lee, Yang W and Strong, Diane M and Kahn, Beverly K and Wang, Richard Y},
  journal={Information \& management},
  volume={40},
  number={2},
  pages={133--146},
  year={2002},
  publisher={Elsevier}
}

@inproceedings{mader2012finding,
  title={Finding quality issues in SKOS vocabularies},
  author={Mader, Christian and Haslhofer, Bernhard and Isaac, Antoine},
  booktitle={Theory and Practice of Digital Libraries},
  pages={222--233},
  year={2012},
  publisher={Springer}
}

@inproceedings{gangemi2005theoretical,
  title={A theoretical framework for ontology evaluation and validation},
  author={Gangemi, Aldo and Catenacci, Carola and Ciaramita, Massimiliano and Lehmann, Jens},
  booktitle={Proceedings of SWAP},
  volume={2005},
  year={2005},
  organization={Citeseer}
}

@phdthesis{vrandevcic2009ontology,
  title={Ontology evaluation},
  author={Vrande{\v{c}}i{\'c}, Denny},
  school={KIT},
  year={2009},
  publisher={Springer},
  type={PhD Thesis}
}

@Inproceedings{lewen2010eorsforar,
  address = {Berlin},
  booktitle = {Knowledge Engineering and Management by the Masses, 17th International Conference, EKAW 2010, Lisbon, Portugal, October 2010, Proceedings},
  editor = {Philipp Cimiano, H. Sofia Pinto},
  month = {Oktober},
  number = {6317},
  pages = {441-450},
  publisher = {Springer},
  series = {Lecture Notes in Computer Science},
  title = {Extending Open Rating Systems for Ontology Ranking and Reuse},
  year = {2010},
  type = {Inproceedings},
  author = {Holger Lewen and Mathieu d'Aquin}
  }

@article{duque2011oquare,
  title={OQuaRE: A SQuaRE-based approach for evaluating the quality of ontologies},
  author={Duque-Ramos, Astrid and Fern{\'a}ndez-Breis, Jesualdo Tom{\'a}s and Stevens, Robert and Aussenac-Gilles, Nathalie},
  journal={Journal of Research and Practice in Information Technology},
  volume={43},
  number={2},
  pages={159},
  year={2011},
  publisher={Australian Computer Society Inc.}
}


@inproceedings{callahan2006vistrails,
  title={VisTrails: visualization meets data management},
  author={Callahan, S.P. and Freire, J. and Santos, E. and Scheidegger, C.E. and Silva, C.T. and Vo, H.T.},
  booktitle={Proceedings of the 2006 ACM SIGMOD international conference on Management of data},
  pages={745--747},
  year={2006},
  organization={ACM}
}


@inproceedings{taverna2,
  author    = {Paolo Missier and Stian Soiland-Reyes and Stuart Owen and Wei Tan and Aleksandra Nenadic and Ian Dunlop and Alan Williams and Tom Oinn and Carole A. Goble},
  title     = {Taverna, Reloaded},
  booktitle = {SSDBM},
  publisher = {Springer},
  year      = {2010},
  pages     = {471-481},
  ee        = {http://dx.doi.org/10.1007/978-3-642-13818-8_33},
   bibsource = {DBLP, http://dblp.uni-trier.de}
}

@INPROCEEDINGS{Wassink2009, 
    author={Wassink, I. and van der Vet, P.E. and Wolstencroft, K. and Neerincx, P.B.T. and Roos, M. and Rauwerda, H. and Breit, T.M.}, 
    booktitle={2009 World Conference on Services - I}, 
    title={Analysing Scientific Workflows: Why Workflows Not Only Connect Web Services}, 
    year={2009}, 
    pages={314 -321}, 
}


@ inproceedings{littauer2011,
  title={Trends in Use of Scientific Workflows: Insights from a Public Repository and Recommendations for Best Practices},
  author={Littauer, R. and Ram, K. and Lud{\"a}scher, B. and Michener, W. and Koskela, R.},
  booktitle={The Seventh International Digital Curation Conference},
  year={2011},
}



@article{matthews2010framework,
  title={A framework for software preservation},
  author={Matthews, B. and Shaon, A. and Bicarregui, J. and Jones, C.},
  journal={International Journal of Digital Curation},
  volume={5},
  number={1},
  year={2010}
}

@article{de2009myexperiment,
  title={The Design and Realisation of the myExperiment Virtual Research Environment for Social Sharing of Workflows},
  author={De Roure, D. and Goble, C. and Stevens, R.},
  journal={Future Generation Computer Systems},
  volume = {25},
  pages={561-567},
  year={2009}
}

@article{giardine2005galaxy,
  title={Galaxy: a platform for interactive large-scale genome analysis},
  author={Giardine, B. and Et Al},
  journal={Genome research},
  volume={15},
  number={10},
  pages={1451--1455},
  year={2005},
  publisher={Cold Spring Harbor Lab}
}

@article{ciccarese2011open,
  title={An open annotation ontology for science on web 3.0},
  author={Ciccarese, P. and Ocana, M. and Garcia Castro, L.J. and Das, S. and Clark, T.},
  journal={J Biomed Semantics},
  volume={2},
  number={Suppl 2},
  pages={S4},
  year={2011}
}

@article{groth2010anatomy,
  title={The anatomy of a nanopublication},
  author={Groth, P. and Gibson, A. and Velterop, J.},
  journal={Information Services and Use},
  volume={30},
  number={1},
  pages={51--56},
  year={2010},
  publisher={IOS Press}
}

@article{bourne2012improving,
  title={Improving future research communication and e-scholarship: a summary of findings| Macquarie University ResearchOnline},
  author={Bourne, P.E. and Clark, T. and Dale, R. and De Waard, A. and Herman, I. and Hovy, E. and Shotton, D. and others},
  year={2012},
  publisher={FORCE11},
  note = {\url{http://force11.org/white_paper}}
}

@techreport{giunchiglia2009scientific,
  title={Scientific Knowledge Objects v. 1},
  institution = {Technical Report DISI-09-006, University of Trento},
  author={Giunchiglia, F. and ChenuAbente, R.},
  year={2009}
}

@misc{oaiore,
  title={Open archives initiative object reuse and exchange},
  booktitle={ORE Specifications and User Guides},
  year={2008},
  url = {http://www.openarchives.org/ore/1.0/toc.html}
}

@article{hunter2008scientific,
  title={Scientific Publication Packages--A selective approach to the communication and archival of scientific output},
  author={Hunter, J.},
  journal={International Journal of Digital Curation},
  volume={1},
  number={1},
  pages={33--52},
  year={2008}
}


@article{altintas2006provenance,
  title={Provenance collection support in the kepler scientific workflow system},
  author={Altintas, I. and Barney, O. and Jaeger-Frank, E.},
  journal={Provenance and annotation of data},
  pages={118--132},
  year={2006},
  publisher={Springer}
}


@article{koop2011provenance,
  title={A provenance-based infrastructure to support the life cycle of executable papers},
  author={Koop, D. and Santos, E. and Mates, P. and Vo, H.T. and Bonnet, P. and Bauer, B. and Surer, B. and Troyer, M. and Williams, D.N. and Tohline, J.E. and others},
  journal={Procedia CS},
  volume={4},
  pages={648--657},
  year={2011}
}


@article{van2011share,
  title={SHARE: a web portal for creating and sharing executable research papers},
  author={Van Gorpa, P. and Mazanekb, S.},
  journal={Procedia Computer Science},
  volume={4},
  pages={589--597},
  year={2011},
  publisher={Elsevier BV}
}

@article{crawl2008provenance,
  title={A provenance-based fault tolerance mechanism for scientific workflows},
  author={Crawl, D. and Altintas, I.},
  journal={Provenance and Annotation of Data and Processes},
  pages={152--159},
  year={2008},
  publisher={Springer}
}

@inproceedings{kohler2011improving,
  title={Improving workflow fault tolerance through provenance-based recovery},
  author={K{\"o}hler, S. and Riddle, S. and Zinn, D. and McPhillips, T. and Lud{\"a}scher, B.},
  booktitle={SSDBM},
  pages={207--224},
  year={2011},
  organization={Springer}
}

@article{chen2008implementation,
  title={Implementation and evaluation of a protocol for recording process documentation in the presence of failures},
  author={Chen, Z. and Moreau, L.},
  journal={Provenance and Annotation of Data and Processes},
  pages={92--105},
  year={2008},
  publisher={Springer}
}


@article{bechhofer2011linked,
  title={Why linked data is not enough for scientists},
  author={Bechhofer, S. and Buchan, I. and De Roure, D. and Missier, P. and Ainsworth, J. and Bhagat, J. and Couch, P. and Cruickshank, D. and Delderfield, M. and Dunlop, I. and Gamble, M. and Michaelides, D. and Owen, S. and Newman, D. and Sufi, S. and Goble, C.},
  journal={Future Generation Computer Systems},
  year={2011},
  publisher={Elsevier},
}

@article{chin2004process,
  title={A process-based quality management information system},
  author={Chin, Sangyoon and Kim,  Kyungrai and Kim,  Yea-Sang},
  journal={Automation in Construction},
  volume={13},
  number={2},
  pages={241--259},
  year={2004},
  publisher={Elsevier}
}

@article{hales2006checklist,
  title={The checklist--a tool for error management and performance improvement},
  author={Hales, Brigette M. and Pronovost, Peter J.},
  journal={Journal of critical care},
  volume={21},
  number={3},
  pages={231--235},
  year={2006},
  publisher={Elsevier}
}

@article{taylor2008,
  title={Promoting coherent minimum reporting guidelines for biological and biomedical investigations: the MIBBI project},
  author={Taylor, C.F. and Field, D. and Sansone, S.A. and Aerts, J. and Apweiler, R. and Ashburner, M. and Ball, C.A. and Binz, P.A. and Bogue, M. and Booth, T. and others},
  journal={Nature biotechnology},
  volume={26},
  number={8},
  pages={889--896},
  year={2008},
  publisher={Nature Publishing Group}
}

@article{mesirov2010accessible,
  title={Accessible reproducible research},
  author={Mesirov, J.P.},
  journal={Science},
  volume={327},
  number={5964},
  pages={415--416},
  year={2010},
  publisher={American Association for the Advancement of Science}
}

@article{ioannidis2008repeatability,
  title={Repeatability of published microarray gene expression analyses},
  author={Ioannidis, J.P.A. and Allison, D.B. and Ball, C.A. and Coulibaly, I. and Cui, X. and Culhane, A.C. and Falchi, M. and Furlanello, C. and Game, L. and Jurman, G. and others},
  journal={Nature genetics},
  volume={41},
  number={2},
  pages={149--155},
  year={2008},
  publisher={Nature Publishing Group}
}

@inproceedings{DBLP:conf/bpm/CaloreLMPP07,
  author    = {F. Calore and
               D. Lombardi and
               Enrico Mussi and
               Pierluigi Plebani and
               Barbara Pernici},
  title     = {Retrieving Substitute Services Using Semantic Annotations:
               A Foodshop Case Study},
  publisher = {Springer},
  booktitle = {Business Process Management Workshops},
  year      = {2007}
}

@inproceedings{DBLP:conf/eScience/Belhajjame07,
  author    = {Khalid Belhajjame},
  title     = {Semantic Replaceability of eScience Web Services},
  booktitle = {eScience},
  year      = {2007},
  publisher = {IEEE Computer Society},
  pages     = {449-456}
}



@inproceedings{fernandoIPAW12,
  author    = {Fernando Chirigati and 
               Juliana Freire },
  title     = {Towards Integrating Workflow and Database Provenance: A Practical Approach},
  booktitle = {IPAW},
  publisher = {Springer},
  year      = {2012}
}


@article{DBLP:journals/computer/GilDEFFGGLMM07,
  author    = {Yolanda Gil and
               Ewa Deelman and
               Mark H. Ellisman and
               Thomas Fahringer and
               Geoffrey Fox and
               Dennis Gannon and
               Carole A. Goble and
               Miron Livny and
               Luc Moreau and
               Jim Myers},
  title     = {Examining the Challenges of Scientific Workflows},
  journal   = {IEEE Computer},
  volume    = {40},
  number    = {12},
  year      = {2007},
  pages     = {24-32},
  ee        = {http://doi.ieeecomputersociety.org/10.1109/MC.2007.421},
  bibsource = {DBLP, http://dblp.uni-trier.de}
}


@inproceedings{Lee:2007:WAA:1273360.1273366,
 author = {Lee, Kevin and Sakellariou, Rizos and Paton, Norman W. and Fernandes, Alvaro A. A.},
 title = {Workflow adaptation as an autonomic computing problem},
 booktitle = {Proceedings of the 2nd workshop on Workflows in support of large-scale science},
 series = {WORKS '07},
 year = {2007},
 isbn = {978-1-59593-715-5},
 location = {Monterey, California, USA},
 pages = {29--34},
 numpages = {6},
 url = {http://doi.acm.org/10.1145/1273360.1273366},
 doi = {10.1145/1273360.1273366},
 acmid = {1273366},
 publisher = {ACM},
 address = {New York, NY, USA},
 keywords = {adaptation, autonomic computing, scheduling, workflows},
} 



@inproceedings{ carole2011,
author = {Carole A. Goble and David De Roure and Sean Bechhofer},
title = {Accelerating Scientists' Knowledge Turns},
booktitle = {Proceedings of The 3rd international IC3K joint conference on Knowledge Discovery, Knowledge Engineering and Knowledge Management.},
year = {2012},
note = {in press}
}

@article{DBLP:journals/pvldb/FreireBS11,
  author    = {Juliana Freire and
               Philippe Bonnet and
               Dennis Shasha},
  title     = {Exploring the Coming Repositories of Reproducible Experiments:
               Challenges and Opportunities},
  journal   = {PVLDB},
  volume    = {4},
  number    = {12},
  year      = {2011},
  pages     = {1494-1497},
  ee        = {http://www.vldb.org/pvldb/vol4/p1494-freire.pdf},
  bibsource = {DBLP, http://dblp.uni-trier.de}
}


@article{DBLP:journals/fgcs/DeelmanGST09,
  author    = {Ewa Deelman and
               Dennis Gannon and
               Matthew S. Shields and
               Ian Taylor},
  title     = {Workflows and e-Science: An overview of workflow system
               features and capabilities},
  journal   = {Future Generation Comp. Syst.},
  volume    = {25},
  number    = {5},
  year      = {2009},
  pages     = {528-540},
  ee        = {http://dx.doi.org/10.1016/j.future.2008.06.012},
  bibsource = {DBLP, http://dblp.uni-trier.de}
}


@PhdThesis{newmanPhD,
author = {David Newman},
title = {The Building and Application of a Semantic Platform for an e-Research Society},
school = {UNIVERSITY OF SOUTHAMPTON},
year = {2011},
note = {Submitted on October 2011}
}


@InProceedings{page11,
author = {Kevin R. Page and David De Roure and Et Al.},
title = {REST and Linked Data:
a match made for domain driven development?},
booktitle = {2nd International Workshop
on RESTful Design (WS-REST 2011) held in conjunction with WWW 2011},
year = {2011}
}


@InProceedings{DeRoure10,
author = {David De Roure and Et Al.},
title = {The Evolution of myExperiment},
booktitle = {e-Science 2010},
publisher = {IEEE},
year = {2010}
}


@InProceedings{newman09,
author = {David Newman and Sean bechhofer and David De Roure},
title = {myExperiment: An
ontology for e-Research},
booktitle = {Workshop on Semantic Web Applications in
Scientific Discourse in conjunction with the International Semantic Web
Conference},
year = {2009}
}


@article{bechhofer2012,
title = "Why linked data is not enough for scientists",
journal = "Future Generation Computer Systems",
year = "2011",
note = "",
issn = "0167-739X",
doi = "10.1016/j.future.2011.08.004",
url = "http://www.sciencedirect.com/science/article/pii/S0167739X11001439",
author = "S. Bechhofer and I. Buchan and D. D. Roure and P. Missier and J. Ainsworth and J. Bhagat and P. Couch and D. Cruickshank and Et Al.",
keywords = "Research object",
keywords = "Linked data",
keywords = "Reproducibility",
keywords = "Reuse",
keywords = "Sharing",
keywords = "Publishing"
}


@inproceedings{ Roure2011,
  booktitle = {Procs. of the 8th International Conference on Preservation of Digital Objects (iPRES 2011)},
  year = {2011},
  author = {David De Roure and Khalid Belhajjame and  Et Al.},
  title = {Towards the preservation of scientific workflows},
  publisher = {ACM}
}

@inproceedings{DBLP:conf/socialcom/RoureBGN11,
  author    = {David De Roure and
               Sean Bechhofer and
               Carole A. Goble and
               David R. Newman},
  title     = {Scientific Social Objects: The Social Objects and Multidimensional
               Network of the myExperiment Website},
  booktitle = {SocialCom/PASSAT},
  year      = {2011},
  publisher = {IEEE}
  }


@inproceedings{DBLP:conf/ssdbm/MatesSFS11,
  author    = {Phillip Mates and
               Emanuele Santos and
               Juliana Freire and
               Cl{\'a}udio T. Silva},
  title     = {CrowdLabs: Social Analysis and Visualization for the Sciences},
  booktitle = {SSDBM},
  publisher = {Springer},
  year      = {2011},
  pages     = {555-564}
}


@inproceedings{RBM11,
    author = {David De Roure and Khalid Belhajjame and Paolo Missier and Jose? Manuel Go?mez-Pe?rez and Rau?l Palma and Jose? Enrique Ruiz and Kristina Hettne and Marco Roos and Graham Klyne and Carole Goble},
    title = {Towards the Preservation of Scientific Workflows},
    booktitle = {Proceedings of the 8th International Conference on Preservation of Digital Objects (iPres 2011)},
    year = {2011},
    publisher = {ACM},
    isbn = {978-981-07-0441-4}
}


@article{DGS09,
        author={Ewa Deelman and Et Al.},
        year={2009},
        title={Workflows and e-Science: An overview of workflow system features and capabilities},
        journal={FGCS},
        volume={25},
        number={5},
        pages={528-540}
}

@article{DBLP:journals/sigmod/MaechlingCDDGGGKKMMRSSSV05,
  author    = {Philip Maechling and
               Hans Chalupsky and
               Maureen Dougherty and
               Ewa Deelman and
               Yolanda Gil and
               Sridhar Gullapalli and
               Vipin Gupta and
               Carl Kesselman and
               Jihie Kim and
               Gaurang Mehta and
               Brian Mendenhall and
               Thomas A. Russ and
               Gurmeet Singh and
               Marc Spraragen and
               Garrick Staples and
               Karan Vahi},
  title     = {Simplifying construction of complex workflows for non-expert
               users of the Southern California Earthquake Center Community
               Modeling Environment},
  journal   = {SIGMOD Record},
  volume    = {34},
  number    = {3},
  year      = {2005},
  pages     = {24-30},
  ee        = {http://doi.acm.org/10.1145/1084805.1084811},
  bibsource = {DBLP, http://dblp.uni-trier.de}
}

@inproceedings{DBLP:conf/semweb/GilSVHRGMSK11,
  author    = {Yolanda Gil and Et Al.},
  title     = {Mind Your Metadata: Exploiting Semantics for Configuration,
               Adaptation, and Provenance in Scientific Workflows},
  booktitle = {International Semantic Web Conference (2)},
  publisher = {Springer},
  year      = {2011},
  pages     = {65-80}
}

@inproceedings{DBLP:conf/ssdbm/LudascherAG03,
  author    = {Bertram Lud{\"a}scher and
               Ilkay Altintas and
               Amarnath Gupta},
  title     = {Compiling Abstract Scientific Workflows into Web Service
               Workflows},
  booktitle = {SSDBM},
  publisher = {IEEE Computer Society},
  year      = {2003},
  pages     = {251-254}
}

@article{DBLP:journals/ijcis/WroeSGRG03,
  author    = {Chris Wroe and
               Robert Stevens and
               Carole A. Goble and
               Angus Roberts and
               R. Mark Greenwood},
  title     = {A Suite of Daml+Oil Ontologies to Describe Bioinformatics
               Web Services and Data},
  journal   = {Int. J. Cooperative Inf. Syst.},
  volume    = {12},
  number    = {2},
  year      = {2003},
  pages     = {197-224},
  ee        = {http://dx.doi.org/10.1142/S0218843003000711},
  bibsource = {DBLP, http://dblp.uni-trier.de}
}

@inproceedings{DBLP:conf/icws/TranT07,
  author    = {Vuong Xuan Tran and
               Hidekazu Tsuji},
  title     = {OWL-T: A Task Ontology Language for Automatic Service Composition},
  booktitle = {ICWS},
  year      = {2007},
  pages     = {1164-1167},
  publisher = {IEEE Computer Society},
  ee        = {http://doi.ieeecomputersociety.org/10.1109/ICWS.2007.138}
}

@Article{COG11,
author = {Paolo Ciccarese and Marco Ocana and Leyla J Garcia Castro and Sudeshna Das and Tim Clark},
title = {An Open Annotation Ontology for Science on Web 3.0},
journal = {J Biomed Semantics},
year = {2011},
volume = {2},
number = {Suppl 2},
month = {May}
}

@inproceedings{DBLP:conf/icde/DouZM0RBL11,
  author    = {Lei Dou and Et Al.},
  title     = {Scientific workflow design 2.0: Demonstrating streaming
               data collections in Kepler},
  booktitle = {ICDE},
   publisher = {IEEE Computer Society},
  year      = {2011},
  pages     = {1296-1299}
}

@article{DBLP:journals/concurrency/OinnGAAFGGGHMLLPSSWW06,
  author    = {Thomas M. Oinn and Et Al.},
  title     = {Taverna: lessons in creating a workflow environment for
               the life sciences},
  journal   = {Concurrency and Computation: Practice and Experience},
  volume    = {18},
  number    = {10},
  year      = {2006},
  pages     = {1067-1100},
  ee        = {http://dx.doi.org/10.1002/cpe.993},
  bibsource = {DBLP, http://dblp.uni-trier.de}
}

@article{DBLP:journals/concurrency/ChurchesGHMRSTW06,
  author    = {David Churches and Et Al.},
  title     = {Programming scientific and distributed workflow with Triana
               services},
  journal   = {Concurrency and Computation: Practice and Experience},
  volume    = {18},
  number    = {10},
  year      = {2006},
  pages     = {1021-1037},
  ee        = {http://dx.doi.org/10.1002/cpe.992},
  bibsource = {DBLP, http://dblp.uni-trier.de}
}

@article{mesirov,
  author = {Mesirov, Jill P.}, 
  title = {Accessible Reproducible Research}, 
  volume = {327}, 
  number = {5964}, 
  pages = {415-416}, 
  year = {2010}, 
  doi = {10.1126/science.1179653}, 
  URL = {http://www.sciencemag.org/content/327/5964/415.short}, 
  eprint = {http://www.sciencemag.org/content/327/5964/415.full.pdf}, 
  journal = {Science} 
}

@article{DBLP:journals/fgcs/MoreauCFFGGKMMMPSSB11,
  author    = {Luc Moreau and Et Al.},
  title     = {The Open Provenance Model core specification (v1.1)},
  journal   = {Future Generation Comp. Syst.},
  volume    = {27},
  number    = {6},
  year      = {2011},
  pages     = {743-756},
  ee        = {http://dx.doi.org/10.1016/j.future.2010.07.005},
  bibsource = {DBLP, http://dblp.uni-trier.de}
}

@article{DBLP:journals/fgcs/RoureGS09,
  author    = {David De Roure and
               Carole A. Goble and
               Robert Stevens},
  title     = {{The design and realisation of the myExperiment
               Virtual Research Environment for social sharing of workflows}},
  journal   = {Future Generation Comp. Syst.},
  volume    = {25},
  number    = {5},
  year      = {2009},
  pages     = {561-567},
  ee        = {http://dx.doi.org/10.1016/j.future.2008.06.010},
  bibsource = {DBLP, http://dblp.uni-trier.de}
}

@article{janus, title={Janus: from Workflows to Semantic Provenance and Linked Open Data}, volume={6378}, url={http://www.mygrid.org.uk/files/presentations/SP-IPAW10.pdf}, number={i}, journal={Life Sciences}, publisher={Springer}, author={Missier, Paolo and Sahoo, Satya S and Zhao, Jun and Goble, Carole and Sheth, Amit}, editor={McGuinness, Deborah L and Michaelis, James R and Moreau, LucEditors}, year={2010}, pages={129--141}}

@inproceedings{opmw,
  title = {A New Approach for Publishing Workflows: Abstractions, Standards, and Linked Data},
  url = { http://www.isi.edu/~gil/papers/garijo-gil-works11.pdf },
  booktitle = {Proceedings of the Sixth Workshop on Workflows in Support of Large-Scale Science (WORKS'11), held in conjunction with SC 2011},
  author = {Daniel Garijo and Yolanda Gil},
  year = {2011},
  address = {Seattle, Washington}
}

@article{wings,
  author = {Yolanda Gil and Varun Ratnakar and Jihie Kim and Pedro Antonio Gonzalez-Calero and Paul Groth and Joshua Moody and Ewa Deelman},
  url = { http://www.isi.edu/~gil/papers/gil-etal-ieee-is-11.pdf },
  journal = {IEEE Intelligent Systems},
  title = {Wings: Intelligent Workflow-Based Design of Computational Experiments},
  number = {1},
  volume = {26},
  year = {2011}
}

@article{nature10836,
  Annote = {10.1038/nature10836},
  Author = {Ince, Darrel C. and Hatton, Leslie and Graham-Cumming, John},
  Date = {2012/02/23/print},
  Date-Added = {2012-03-16 15:16:04 +0100},
  Date-Modified = {2012-03-16 15:16:04 +0100},
  Day = {23},
  Isbn = {0028-0836},
  Journal = {Nature},
  M3 = {10.1038/nature10836},
  Month = {02},
  Number = {7386},
  Pages = {485--488},
  Publisher = {Nature Publishing Group, a division of Macmillan Publishers Limited. All Rights Reserved.},
  Title = {The case for open computer programs},
  Ty = {JOUR},
  Url = {http://dx.doi.org/10.1038/nature10836},
  Volume = {482},
  Year = {2012},
  Bdsk-Url-1 = {http://dx.doi.org/10.1038/nature10836}}

 



