
@ARTICLE{kepler,
  author = {Lud{\"a}scher, Bertram and Altintas, Ilkay and Berkley, Chad and
	Higgins, Dan and Jaeger, Efrat and Jones, Matthew and Lee, Edward
	A. and Tao, Jing and Zhao, Yang},
  title = {Scientific workflow management and the Kepler system},
  journal = {Concurrency and Computation: Practice and Experience},
  year = {2006},
  volume = {18},
  pages = {1039-1065},
  number = {10},
  added-at = {2009-09-04T23:31:55.000+0200},
  bibsource = {DBLP, http://dblp.uni-trier.de},
  biburl = {http://www.bibsonomy.org/bibtex/2af6163ec5be899a29fe28d8cc0c977d2/thau},
  description = {DBLP Record 'journals/concurrency/LudascherABHJJLTZ06'},
  ee = {http://dx.doi.org/10.1002/cpe.994},
  interhash = {5c9bdd1f66e7a0aacd25281f159f33db},
  intrahash = {af6163ec5be899a29fe28d8cc0c977d2},
  keywords = {dakspub keplerworkflow},
  timestamp = {2009-09-04T23:31:55.000+0200}
}

@INPROCEEDINGS{vistrails,
  author = {Steven P. Callahan and Juliana Freire and Emanuele Santos and Carlos
	E. Scheidegger and Cl‡udio T. Silva and Huy T. Vo},
  title = {Vistrails: Visualization meets data management},
  booktitle = {In ACM SIGMOD},
  year = {2006},
  pages = {745--747},
  publisher = {ACM Press}
}

@ARTICLE{wings,
  author = {Yolanda Gil and Varun Ratnakar and Jihie Kim and Pedro A. Gonz{\'a}lez-Calero
	and Paul T. Groth and Joshua Moody and Ewa Deelman},
  title = {Wings: Intelligent Workflow-Based Design of Computational Experiments},
  journal = {IEEE Intelligent Systems},
  year = {2011},
  volume = {26},
  pages = {62-72},
  number = {1},
  bibsource = {DBLP, http://dblp.uni-trier.de},
  ee = {http://doi.ieeecomputersociety.org/10.1109/MIS.2010.9}
}

@ARTICLE{taverna,
  author = {Katherine Wolstencroft and Robert Haines and Donal Fellows and Alan Williams and David Withers and Stuart Owen and Stian Soiland-Reyes and Ian Dunlop and Aleksandra Nenadic and Paul Fisher and Jiten Bhagat and Khalid Belhajjame and Finn Bacall and Alex Hardisty and Abraham Nieva de la Hidalga and Maria P. Balcazar Vargas and Shoaib Sufi and Carole Goble},
  title = {The Taverna workflow suite: designing and executing workflows of Web Services on the desktop, web or in the cloud},
  journal = {Nucleic Acids Research},
  year = {2013}
}

@ARTICLE{galaxy,
  author = {Giardine, B. and others},
  title = {Galaxy: a platform for interactive large-scale genome analysis},
  journal = {Genome Research},
  year = {2005},
  volume = {15},
  pages = {1451--1455},
  number = {10},
  month = {Oct}
}

@techreport{w3c-prov-o,
  author = {Lebo, Timothy and Sahoo, Satya and McGuinness, Deborah and Belhajjame, Khalid and Cheney, James and Corsar, David and Garijo, Daniel and Soiland-Reyes, Stian and Zednik, Stephan and Zhao, Jun},
  bdsk-url-1 = {http://www.w3.org/TR/prov-o/},
  biburl = {http://www.bibsonomy.org/bibtex/2bc1b2a9b25ba749a6f0c6b08bbff0bfc/rob_123},
  interhash = {7592aafb137a2cab5d439889f22f2e9f},
  intrahash = {bc1b2a9b25ba749a6f0c6b08bbff0bfc},
  keywords = {ontology, owl, prov-o, provenance, provo rdf, w3c,},
  title = {PROV-O: The PROV Ontology},
  url = {http://www.w3.org/TR/prov-o/},
  year = {2013},
  
  }

@article{DBLP:journals/fgcs/RoureGS09,
  author    = {David De Roure and
               Carole A. Goble and
               Robert Stevens},
  title     = {The design and realisation of the my{E}xperiment
               Virtual Research Environment for social sharing of workflows},
  journal   = {Future Generation Comp. Syst.},
  volume    = {25},
  number    = {5},
  year      = {2009},
  pages     = {561-567},
  ee        = {http://dx.doi.org/10.1016/j.future.2008.06.010},
  bibsource = {DBLP, http://dblp.uni-trier.de}
}

@TechReport{D3.2v2,
  author = 	 {Rafael Gonza?lez-Cabero and others},
  title = 	 {{Design, implementation and deployment of Workflow Evolution, Sharing and Collaboration components ? Phase II}},
  institution =  {Wf4Ever Project},
  year = 	 2013,
  type = 	 {Deliverable},
  number = 	 {D3.2v2}}

@TechReport{D4.2v2,
  author = 	 {Esteban Garci?a-Cuesta and others},
  title = 	 {{Design, implementation and deployment of Workflow Integrity and Authenticity Maintenance components ? Phase II}},
  institution =  {Wf4Ever Project},
  year = 	 2013,
  type = 	 {Deliverable},
  number = 	 {D4.2v2}}

@Article{COG11,
author = {Paolo Ciccarese and Marco Ocana and Leyla J Garcia Castro and Sudeshna Das and Tim Clark},
title = {An Open Annotation Ontology for Science on Web 3.0},
journal = {J Biomed Semantics},
year = {2011},
volume = {2},
number = {Suppl 2},pages={S4},
month = {May}
}

@INPROCEEDINGS{summaryBigData13,
  author = {Pinar Alper and Khalid Belhajjame and Carole Goble and Pinar Karagoz},
  title = {Small is Beautiful: Summarizing Scientific Workflows Using Semantic
	Annotations},
  booktitle = {Proceedings of the IEEE 2nd International Congress on Big Data (BigData
	2013)},
  year = {2013},
  address = {Santa Clara, CA, USA},
  month = {June}
}

@INPROCEEDINGS{ro_model,
  author = {Khalid Belhajjame and Oscar Corcho and Daniel Garijo and Jun Zhao
	and Paolo Missier and David Newman and Raul Palma and Sean Bechhofer
	and Esteban Garcia-Cuesta and Jose-Manuel Gomez-Perez and Graham
	Klyne and Kevin Page and Marco Roos and Jose Enrique Ruiz and Stian
	Soiland-Reyes and Lourdes Verdes-Montenegro and David De Roure and
	Carole Goble},
  title = {Workflow-Centric Research Objects: First Class Citizens in Scholarly
	Discourse},
  booktitle = {Proceedings of Sepublica2012},
  year = {2012},
  pages = {1-12},
  discipline = {Computer and Information Science},
  editors = {Frank Van Harmelen and Alexander Garcia-Castro and Christoph Lange
	and Benjamin Good},
  keywords = {research object, scientific workflows},
  modified = {1351256048},
  subdiscipline = {Artificial Intelligence},
  tags = {reproducibility, research objects, scientific-workflows},
  type = {Conference Proceedings},
  url = {http://users.ox.ac.uk/~oerc0033/preprints/sepublica2012.pdf},
  url_mendeley = {http://www.mendeley.com/c/5281098054/p/349401/belhajjame-2012-workflow-centric-research-objects-first-class-citizens-in-scholarly-discourse/},
  version = {1351256048}
}

@INPROCEEDINGS{Callahan06-vistrails,
  author = {Steven P. Callahan and Juliana Freire and Emanuele Santos and Carlos
	E. Scheidegger and Cl‡udio T. Silva and Huy T. Vo},
  title = {Vistrails: Visualization meets data management},
  booktitle = {In ACM SIGMOD},
  year = {2006},
  pages = {745--747},
  publisher = {ACM Press}
}

@INPROCEEDINGS{garijo_Alper_2012,
  author = {Daniel Garijo and Pinar Alper and Khalid Belhajjame and Oscar Corcho
	and Yolanda Gil and Carole Goble},
  title = {Common Motifs in Scientific Workflows: An Empirical Analysis},
  booktitle = {8th IEEE International Conference on eScience 2012},
  year = {2012},
  series = {8th IEEE International Conference on eScience 2012},
  address = {Chicago},
  publisher = {IEEE Computer Society Press, USA},
  added = {1351257870},
  discipline = {Computer and Information Science},
  keywords = {motifs, scientific workflows, Taverna, Wings},
  modified = {1351373861},
  subdiscipline = {Artificial Intelligence},
  tags = {abstraction, motifs, scientific workflows, Taverna, Wings},
  type = {Conference Proceedings},
  url = {http://www.isi.edu/~gil/papers/garijo-etal-escience12.pdf},
  url_mendeley = {http://www.mendeley.com/c/5281150004/p/349401/garijo-2012-common-motifs-in-scientific-workflows-an-empirical-analysis/},
  version = {1351373861}
}

@INPROCEEDINGS{garijo-gil-lisc12,
  author = {Daniel Garijo and Yolanda Gil},
  title = {Augmenting PROV with Plans in P-PLAN: Scientific Processes as Linked
	Data},
  booktitle = {Second International Workshop on Linked Science: Tackling Big Data
	(LISC), held in conjunction with the International Semantic Web Conference
	(ISWC)},
  year = {2012},
  address = {Boston, MA},
  url = {papers/garijo-gil-lisc12.pdf}
}

@INPROCEEDINGS{garijo_gil_2011,
  author = {Daniel Garijo and Yolanda Gil},
  title = {A New Approach for Publishing Workflows: Abstractions, Standards,
	and Linked Data },
  booktitle = {Proceedings of the 6th workshop on Workflows in support of large-scale
	science},
  year = {2011},
  series = {Proceedings of the 6th workshop on Workflows in support of large-scale
	science},
  pages = {47-56},
  address = {Seattle},
  publisher = {ACM},
  added = {1351254576},
  canonical_id = {3f065a00-0b22-11e1-b17d-0024e8453de6},
  discipline = {Computer and Information Science},
  keywords = {OPM, provenance, reproducibility, Wings, Workflows},
  modified = {1351254585},
  subdiscipline = {Artificial Intelligence},
  tags = {OPM, provenance, reproducibility., Wings, Workflows},
  type = {Conference Proceedings},
  url = {http://dl.acm.org/citation.cfm?id=2110504},
  url_mendeley = {http://www.mendeley.com/research/new-approach-publishing-workflows-abstractions-standards-linked-data/},
  version = {1351254585}
}

@ARTICLE{DBLP:journals/expert/GilRKGGMD11,
  author = {Yolanda Gil and Varun Ratnakar and Jihie Kim and Pedro A. Gonz{\'a}lez-Calero
	and Paul T. Groth and Joshua Moody and Ewa Deelman},
  title = {Wings: Intelligent Workflow-Based Design of Computational Experiments},
  journal = {IEEE Intelligent Systems},
  year = {2011},
  volume = {26},
  pages = {62-72},
  number = {1},
  bibsource = {DBLP, http://dblp.uni-trier.de},
  ee = {http://doi.ieeecomputersociety.org/10.1109/MIS.2010.9}
}

@ARTICLE{Goecks_Nekrutenko_Taylor_2010,
  author = {Goecks, Jeremy and Nekrutenko, Anton and Taylor, James},
  title = {Galaxy: a comprehensive approach for supporting accessible, reproducible,
	and transparent computational research in the life sciences},
  journal = {Genome Biology},
  year = {2010},
  volume = {11},
  pages = {R86},
  number = {8},
  publisher = {BioMed Central},
  url = {http://www.pubmedcentral.nih.gov/articlerender.fcgi?artid=2945788&tool=pmcentrez&rendertype=abstract}
}

@INPROCEEDINGS{Missier2013a,
  author = {Missier, Paolo and Dey, Saumen and Belhajjame, Khalid and Cuevas,
	Victor and Ludaescher, Bertram},
  title = {{D-PROV}: extending the {PROV} provenance model with workflow structure},
  booktitle = {Procs. TAPP'13},
  year = {2013},
  address = {Lombard, IL},
  keywords = {PROV,workflow-provenance},
  mendeley-tags = {PROV,workflow-provenance},
  urlpaper = {http://homepages.cs.ncl.ac.uk/paolo.missier/doc/D-PROV-TAPP-2013.pdf}
}

@INPROCEEDINGS{Missier2010b,
  author = {Missier, Paolo and Soiland-Reyes, Stian and Owen, Stuart and Tan,
	Wei and Nenadic, Alex and Dunlop, Ian and Williams, Alan and Oinn,
	Tom and Goble, Carole},
  title = {Taverna, reloaded},
  booktitle = {Procs. SSDBM 2010},
  year = {2010},
  editor = {Gertz, M and Hey, T and Ludaescher, B},
  address = {Heidelberg, Germany},
  file = {:Users/paolo/Documents/myGRID/papers/T2Performance/short-SSDBM/Missier-CR/T2Architecture-SSDBM-CR.pdf:pdf},
  url = {http://www.ssdbm2010.org/},
  urlpaper = {http://www.mendeley.com/download/public/212462/2916934941/e91110015e961be177247d40c8f5dc874367106b/dl.pdf}
}

@Misc{RO-API,
 title = {{RO} {API}},
 howpublished = "\url{http://wf4ever-project.org/wiki/display/docs/RO+API+6}",
 note = "[Online; accessed 20-May-2013]"
}

@Misc{Notification-API,
 title = {{N}otification {API}},
 howpublished = "\url{http://wf4ever-project.org/wiki/display/docs/Notification+API}",
 note = "[Online; accessed 20-May-2013]"
}

@Misc{RO-EVO-API,
 title = {{RO} {E}volution {API}},
 howpublished = "\url{http://wf4ever-project.org/wiki/display/docs/RO+evolution+API}",
 note = "[Online; accessed 20-May-2013]"
}

@Misc{UM-API,
 title = {{U}ser {M}anagement {API}},
 howpublished = "\url{http://wf4ever-project.org/wiki/display/docs/User+Management+2}",
 note = "[Online; accessed 20-May-2013]"
}

@Misc{Checklist-API,
 title = {{C}hecklist {E}valuation {API}},
 howpublished = "\url{http://wf4ever-project.org/wiki/display/docs/RO+checklist+evaluation+API}",
 note = "[Online; accessed 20-May-2013]"
}

@Misc{Stability-API,
 title = {{S}tability {E}valuation {API}},
 howpublished = "\url{http://wf4ever-project.org/wiki/display/docs/Stability+Evaluation+API}",
 note = "[Online; accessed 20-May-2013]"
}

@Misc{dArceo,
 title = {d{A}rceo},
 howpublished = "\url{http://dlab.psnc.pl/darceo/}",
 note = "[Online; accessed 20-May-2013]"
}

@Misc{dLibra,
 title = {d{L}ibra},
 howpublished = "\url{http://dlab.psnc.pl/dlibra/}",
 note = "[Online; accessed 20-May-2013]"
}

@Misc{RO_model,
 author = {Belhajjame, Khalid and Klyne, Graham and Garijo, Daniel and Corcho, Oscar and Garc{\'i}a Cuesta, Esteban and Palma, Ra{\'u}l},
 title = {{W}f4Ever {R}esearch {O}bject {M}odel},
 howpublished = "\url{http://wf4ever.github.io/ro/}",
 month = {May},
 year = {2013},
 note = "[Online; accessed 20-May-2013]"
}

@techreport{w4fever_d321,
 author = {Gonz{\'a}lez-Cabero, Rafael  and Palma, Ra{\'u}l and Garc{\'i}a Cuesta, Esteban},
 title = {D3.2v1: Design, implementation and deployment of Workflow Evolution, Sharing and Collaboration components},
 institution = {Universidad Polit{\'e}cnica de Madrid},
 month = {July},
 year = {2012}
}

@Misc{Jena,
 title = {{A}pache {J}ena},
 howpublished = "\url{http://jena.apache.org/}",
 year = {2013},
 note = "[Online; accessed 20-May-2013]"
}

@TechReport{Platon,
 title = {{PLATON} - {S}cience {S}ervices {P}latform},
 institution = {PIONIER Consortium},
 howpublished = "\url{http://www.platon.pionier.net.pl/}",
 year = {2013},
 note = "[Online; accessed 20-May-2013]"
}

@techreport{w4fever_d132,
 author = {De Roure, David  and Ho\l{}ubowicz, Piotr and Page, Kevin and Palma, Ra{\'u}l },
 title = {D3.2v1: Design, implementation and deployment of Workflow Evolution, Sharing and Collaboration components},
 institution = {University of Oxford},
 month = {March},
 year = {2013}
}