@TechReport{D1.4v1,
  author = 	 {Raul Palma and Piotr Holubowicz},
  title = 	 {{Reference Wf4Ever Implementation - Phase I}},
  institution =  {Wf4Ever Project},
  year = 	 2012,
  type = 	 {Deliverable},
  number = 	 {D1.4v1}}

@TechReport{D3.2v1,
  author = 	 {X and Y},
  title = 	 {{Design, implementation and deployment of Workflow Evolution, Sharing and Collaboration components - Phase I}},
  institution =  {Wf4Ever Project},
  year = 	 2012,
  type = 	 {Deliverable},
  number = 	 {D3.2v1}}

@TechReport{D4.2v1,
  author = 	 {X and Y},
  title = 	 {{Design, implementation and deployment of Workflow Integrity and Authenticity Maintenance components - Phase I}},
  institution =  {Wf4Ever Project},
  year = 	 2012,
  type = 	 {Deliverable},
  number = 	 {D4.2v1}}
